<record><leader>00000cas a22000007a 4500</leader><controlfield tag="001">11896954</controlfield><controlfield tag="008">850409d17991800nyuwr ne      0    0eng d</controlfield><datafield ind1=" " ind2=" " tag="010"><subfield code="a">sn 85025793 </subfield></datafield><datafield ind1=" " ind2=" " tag="040"><subfield code="a">NPX</subfield><subfield code="b">eng</subfield><subfield code="c">NPX</subfield><subfield code="d">OCLCQ</subfield><subfield code="d">OCLCG</subfield><subfield code="d">OCLCQ</subfield></datafield><datafield ind1=" " ind2=" " tag="042"><subfield code="a">msc</subfield></datafield><datafield ind1="0" ind2="4" tag="245"><subfield code="a">The Courier, and New-York and Long Island advertiser.</subfield></datafield><datafield ind1=" " ind2=" " tag="260"><subfield code="a">Brooklyn [N.Y.] :</subfield><subfield code="b">Thomas Kirk,</subfield><subfield code="c">1799-</subfield></datafield><datafield ind1=" " ind2=" " tag="300"><subfield code="a">v.</subfield></datafield><datafield ind1=" " ind2=" " tag="310"><subfield code="a">Weekly</subfield></datafield><datafield ind1="0" ind2=" " tag="362"><subfield code="a">Vol. 1, no. 5 (Aug. 1, 1799)-</subfield></datafield><datafield ind1="1" ind2=" " tag="362"><subfield code="a">Ceased with June 26, 1800 issue.</subfield><subfield code="z">Cf. Sealock &amp; Seely. Long Island bibl.</subfield></datafield><datafield ind1=" " ind2=" " tag="500"><subfield code="a">References: Evans 37261; Brigham, C.S. Amer. newspapers, p. 555.</subfield></datafield><datafield ind1="1" ind2=" " tag="700"><subfield code="a">Kirk, Thomas,</subfield><subfield code="d">1772?-1851.</subfield></datafield><datafield ind1=" " ind2=" " tag="752"><subfield code="a">United States</subfield><subfield code="b">New York</subfield><subfield code="c">Kings</subfield><subfield code="d">Brooklyn.</subfield></datafield><datafield ind1="0" ind2="0" tag="780"><subfield code="t">Courier, and Long Island advertiser</subfield><subfield code="w">(DLC)sn 85025792</subfield></datafield><datafield ind1="0" ind2="0" tag="785"><subfield code="t">Long Island courier</subfield><subfield code="w">(DLC)sn 85042012</subfield></datafield></record>